%
% Aðal heimildaskrá
%

@misc{website:ampere-image,
      author = "John doe",
      title = "Engraving of André-Marie Ampére, wikipedia.org",
      month = "December",
      year = "2012",
      url = "http://en.wikipedia.org/wiki/File:Ampere_Andre_1825.jpg"
}